@article{ctan,
author  = "Попова Светлана Владимировна and Данилова Вера Владимировна",
title   = "Представление документов в задаче кластеризации аннотаций научных текстов",
year    = "2014",
url       = "https://clck.ru/3K8QEA",
}

@article{ctan1,
author  = "Михайлов Дмитрий Владимирович and Козлов Александр Павлович and Емельянов Геннадий Мартинович",
title   = "Выделение знаний и языковых форм их выражения на множестве тематических текстов: подход на основе меры tf-idf",
year    = "2015",
url       = "https://clck.ru/3K8Tnt",
}

@article{ctan2,
author  = "Prafulla Bafna and Dhanya Pramod and Anagha Vaidya",
title   = "Document clustering: TF-IDF approach",
year    = "2016",
url       = "https://clck.ru/3K8iF9",
}

@online{elastic,
    title     = "Elasticsearch",
    url       = "https://github.com/elastic/elasticsearch",
    keywords  = "Elasticsearch,search",
    urldate = {2025-03-27},
}

@online{solr,
    title     = "Solr",
    url       = "https://github.com/apache/solr",
    keywords  = "Solr,search",
    urldate = {2025-03-27},
}

@online{spacy_troubles,
    title     = "spaCy",
    url       = "https://spacy.io/usage/spacy-101",
    keywords  = "Spacy,NLP",
    urldate = {2025-03-27},
}

@article{stem1,
author  = "Lovins, Julie Beth",
title   = "Development of a Stemming Algorithm",
year    = "1968",
url       = "http://chuvyr.ru/MT-1968-Lovins.pdf",
}

@article{bm1,
author  = "Robertson and Stephen and Hugo Zaragoza",
title   = "The probabilistic relevance framework: BM25 and beyond",
year    = "2009",
url       = "https://clck.ru/3K9MCh",
}

@article{bm2,
author  = "Kadhim and Ammar Ismael",
title   = "Term weighting for feature extraction on Twitter: A comparison between BM25 and TF-IDF",
year    = "2019",
url       = "https://clck.ru/3K9MWA",
}

@article{lemma1,
author  = "Plisson and Joël and Nada Lavrac and Dunja Mladenic",
title   = "A rule based approach to word lemmatization",
year    = "2004",
url       = "https://clck.ru/3K9MdR",
}

@article{lemmacomp,
author  = "Balakrishnan and Vimala and Ethel Lloyd-Yemoh",
title   = "Stemming and lemmatization: A comparison of retrieval performances",
year    = "2014",
url       = "https://goo.su/kVKUZV",
}

@article{nltk,
author  = "Bird and Steven",
title   = "NLTK: the natural language toolkit",
year    = "2006",
url       = "https://goo.su/zZUe",
}

@article{spacy,
author  = "Schmitt and X. and Kubler and S. and Robert and J. and Papadakis, M. and LeTraon, Y",
title   = "A replicable comparison study of NER software: StanfordNLP, NLTK, OpenNLP, SpaCy, Gate",
year    = "2019",
url       = "https://goo.su/gCuuA",
}

Schmitt, X., Kubler, S., Robert, J., Papadakis, M., & LeTraon, Y. (2019, October). A replicable comparison study of NER software: StanfordNLP, NLTK, OpenNLP, SpaCy, Gate. In 2019 sixth international conference on social networks analysis, management and security (SNAMS) (pp. 338-343). IEEE.
Bird, Steven. "NLTK: the natural language toolkit." Proceedings of the COLING/ACL 2006 interactive presentation sessions. 2006.
Balakrishnan, Vimala, and Ethel Lloyd-Yemoh. "Stemming and lemmatization: A comparison of retrieval performances." Lecture notes on software engineering 2.3 (2014): 262.
Plisson, Joël, Nada Lavrac, and Dunja Mladenic. "A rule based approach to word lemmatization." Proceedings of IS. Vol. 3. sn, 2004.
Plisson, J., Lavrac, N., & Mladenic, D. (2004, October). A rule based approach to word lemmatization. In Proceedings of IS (Vol. 3, pp. 83-86). sn
Kadhim, Ammar Ismael. "Term weighting for feature extraction on Twitter: A comparison between BM25 and TF-IDF." 2019 international conference on advanced science and engineering (ICOASE). IEEE, 2019.
Lovins, J. B. (1968). Development of a stemming algorithm. Mech. Transl. Comput. Linguistics, 11(1-2), 22-31.
Lovins, Julie Beth. "Development of a stemming algorithm." Mech. Transl. Comput. Linguistics 11.1-2 (1968): 22-31.
Robertson, Stephen, and Hugo Zaragoza. "The probabilistic relevance framework: BM25 and beyond." Foundations and Trends® in Information Retrieval 3.4 (2009): 333-389.